<?xml version="1.0" encoding="UTF-8"?>
<Document xmlns="urn:iso:std:iso:20022:tech:xsd:pain.001.001.09" xmlns:xsi="http://www.w3.org/2001/XMLSchema-instance" xsi:schemaLocation="urn:iso:std:iso:20022:tech:xsd:pain.001.001.09 pain.001.001.09.ch.03.xsd">
	<CstmrCdtTrfInitn>
		<GrpHdr>
			<MsgId>MSG-01</MsgId>
			<CreDtTm>2023-02-15T07:30:00</CreDtTm>
			<NbOfTxs>3</NbOfTxs>
			<CtrlSum>15850.00</CtrlSum>
			<InitgPty>
				<Nm>MUSTER AG</Nm>
				<CtctDtls>
					<Othr>
						<ChanlTp>NAME</ChanlTp>
						<Id>pay.4me</Id>
					</Othr>
					<Othr>
						<ChanlTp>VRSN</ChanlTp>
						<Id>2.8.1</Id>
					</Othr>
					<Othr>
						<ChanlTp>PRVD</ChanlTp>
						<Id>SuperPay AG</Id>
					</Othr>
					<Othr>
						<ChanlTp>SPSV</ChanlTp>
						<Id>2.0</Id>
					</Othr>
				</CtctDtls>
			</InitgPty>
		</GrpHdr>
		<PmtInf>
			<PmtInfId>PMTINF-01</PmtInfId>
			<PmtMtd>TRF</PmtMtd>
			<BtchBookg>true</BtchBookg>
			<ReqdExctnDt>
				<Dt>2023-02-22</Dt>
			</ReqdExctnDt>
			<Dbtr>
				<Nm>MUSTER AG</Nm>
				<PstlAdr>
					<TwnNm>SELDWYLA</TwnNm>
					<Ctry>CH</Ctry>
				</PstlAdr>
			</Dbtr>
			<DbtrAcct>
				<Id>
					<IBAN>CH7280005000088877766</IBAN>
				</Id>
			</DbtrAcct>
			<DbtrAgt>
				<FinInstnId>
					<BICFI>RAIFCH22005</BICFI>
				</FinInstnId>
			</DbtrAgt>
			<CdtTrfTxInf>
				<PmtId>
					<InstrId>INSTRID-01-01</InstrId>
					<EndToEndId>ENDTOENDID-001</EndToEndId>
				</PmtId>
				<Amt>
					<InstdAmt Ccy="USD">3949.75</InstdAmt>
				</Amt>
				<Cdtr>
					<Nm>Peter Haller</Nm>
					<PstlAdr>
						<StrtNm>Rosenauweg</StrtNm>
						<BldgNb>4</BldgNb>
						<PstCd>8036</PstCd>
						<TwnNm>Zürich</TwnNm>
						<Ctry>CH</Ctry>
					</PstlAdr>
				</Cdtr>
				<CdtrAcct>
					<Id>
						<IBAN>CH5021977000004331346</IBAN>
					</Id>
				</CdtrAcct>
				<RmtInf>
					<Strd>
						<CdtrRefInf>
							<Tp>
								<CdOrPrtry>
									<Cd>SCOR</Cd>
								</CdOrPrtry>
							</Tp>
							<Ref>RF4220210323103704APG0018</Ref>
						</CdtrRefInf>
					</Strd>
				</RmtInf>
			</CdtTrfTxInf>
		</PmtInf>
		<PmtInf>
			<PmtInfId>PMTINF-02</PmtInfId>
			<PmtMtd>TRF</PmtMtd>
			<BtchBookg>true</BtchBookg>
			<PmtTpInf>
				<SvcLvl>
					<Cd>SEPA</Cd>
				</SvcLvl>
			</PmtTpInf>
			<ReqdExctnDt>
				<Dt>2023-02-18</Dt>
			</ReqdExctnDt>
			<Dbtr>
				<Nm>MUSTER AG</Nm>
			</Dbtr>
			<DbtrAcct>
				<Id>
					<IBAN>CH7280005000088877766</IBAN>
				</Id>
			</DbtrAcct>
			<DbtrAgt>
				<FinInstnId>
					<BICFI>RAIFCH22005</BICFI>
				</FinInstnId>
			</DbtrAgt>
			<CdtTrfTxInf>
				<PmtId>
					<InstrId>INSTRID-02-01</InstrId>
					<EndToEndId>ENDTOENDID-002</EndToEndId>
				</PmtId>
				<Amt>
					<InstdAmt Ccy="EUR">8479.25</InstdAmt>
				</Amt>
				<Cdtr>
					<Nm>Robert Scheider SA</Nm>
					<PstlAdr>
						<StrtNm>Rue de la gare</StrtNm>
						<BldgNb>24</BldgNb>
						<PstCd>2501</PstCd>
						<TwnNm>Biel</TwnNm>
						<Ctry>CH</Ctry>
					</PstlAdr>
				</Cdtr>
				<CdtrAcct>
					<Id>
						<IBAN>CH4221988000009522865</IBAN>
					</Id>
				</CdtrAcct>
				<RmtInf>
					<Ustrd>Rechnung Nr. 408</Ustrd>
				</RmtInf>
			</CdtTrfTxInf>
			<CdtTrfTxInf>
				<PmtId>
					<InstrId>INSTRID-02-02</InstrId>
					<EndToEndId>ENDTOENDID-003</EndToEndId>
				</PmtId>
				<Amt>
					<InstdAmt Ccy="EUR">3421.00</InstdAmt>
				</Amt>
				<CdtrAgt>
					<FinInstnId>
						<BICFI>UBSWDEFF</BICFI>
					</FinInstnId>
				</CdtrAgt>
				<Cdtr>
					<Nm>Peter Haller</Nm>
					<PstlAdr>
						<StrtNm>Rosenauweg</StrtNm>
						<BldgNb>4</BldgNb>
						<PstCd>8036</PstCd>
						<TwnNm>Zürich</TwnNm>
						<Ctry>CH</Ctry>
					</PstlAdr>
				</Cdtr>
				<CdtrAcct>
					<Id>
						<IBAN>DE62007620110623852957</IBAN>
					</Id>
				</CdtrAcct>
				<RmtInf>
					<Strd>
						<CdtrRefInf>
							<Tp>
								<CdOrPrtry>
									<Cd>SCOR</Cd>
								</CdOrPrtry>
							</Tp>
							<Ref>RF712348231</Ref>
						</CdtrRefInf>
					</Strd>
				</RmtInf>
			</CdtTrfTxInf>
		</PmtInf>
	</CstmrCdtTrfInitn>
</Document>
