<?xml version="1.0" encoding="UTF-8" standalone="yes"?>
<Document xmlns="urn:iso:std:iso:20022:tech:xsd:camt.054.001.02">
    <BkToCstmrDbtCdtNtfctn>
        <GrpHdr>
            <MsgId>MSGID-440fb60a-6752-465f-9369-55c2c470fe39</MsgId>
            <CreDtTm>2021-06-01T18:46:10.000+02:00</CreDtTm>
            <MsgPgntn>
                <PgNb>1</PgNb>
                <LastPgInd>true</LastPgInd>
            </MsgPgntn>
            <AddtlInf>CryptoIso20022Interop/0.1.2-SNAPSHOT</AddtlInf>
        </GrpHdr>
        <Ntfctn>
            <Id>STMID-3d0fa2c1-b1e7-4e7e-ad21-7d16132470df</Id>
            <ElctrncSeqNb>3</ElctrncSeqNb>
            <CreDtTm>2021-06-01T18:46:10.000+02:00</CreDtTm>
            <Acct>
                <Id>
                    <Othr>
                        <Id>rPEPPER7kfTD9w2To4CQk6UCfuHM9c6GDY</Id>
                    </Othr>
                </Id>
                <Ccy>XRP</Ccy>
            </Acct>
            <Ntry>
                <NtryRef>rhEo7YkHrxMzqwPhCASpeNwL2HNMqfsb87</NtryRef>
                <Amt Ccy="XRP">36.35</Amt>
                <CdtDbtInd>CRDT</CdtDbtInd>
                <Sts>BOOK</Sts>
                <BookgDt>
                    <DtTm>2021-02-21T09:10:11.000+01:00</DtTm>
                </BookgDt>
                <ValDt>
                    <DtTm>2021-02-21T09:10:11.000+01:00</DtTm>
                </ValDt>
                <BkTxCd>
                    <Domn>
                        <Cd>PMNT</Cd>
                        <Fmly>
                            <Cd>RCDT</Cd>
                            <SubFmlyCd>VCOM</SubFmlyCd>
                        </Fmly>
                    </Domn>
                </BkTxCd>
                <NtryDtls>
                    <Btch>
                        <NbOfTxs>1</NbOfTxs>
                    </Btch>
                    <TxDtls>
                        <Refs>
                            <MsgId>2FE1CEB95384707584A9DB3E288EA</MsgId>
                            <EndToEndId>E43D83F7869885BFE92C29A6A7CF48F9B9B</EndToEndId>
                        </Refs>
                        <BkTxCd>
                            <Domn>
                                <Cd>PMNT</Cd>
                                <Fmly>
                                    <Cd>RCDT</Cd>
                                    <SubFmlyCd>AUTT</SubFmlyCd>
                                </Fmly>
                            </Domn>
                        </BkTxCd>
                        <RltdAgts>
                            <DbtrAgt>
                                <FinInstnId>
                                    <Nm>xrpl</Nm>
                                </FinInstnId>
                            </DbtrAgt>
                        </RltdAgts>
                        <RmtInf>
                            <Strd>
                                <RfrdDocInf>
                                    <Tp>
                                        <CdOrPrtry>
                                            <Cd>CINV</Cd>
                                        </CdOrPrtry>
                                    </Tp>
                                    <Nb>RG-00123.45</Nb>
                                </RfrdDocInf>
                            </Strd>
                        </RmtInf>
                    </TxDtls>
                </NtryDtls>
            </Ntry>
            <Ntry>
                <NtryRef>rsDoF5udkeSJQcKNqPgHvqEyVBEX4ttoi4</NtryRef>
                <Amt Ccy="XRP">50.00</Amt>
                <CdtDbtInd>CRDT</CdtDbtInd>
                <Sts>BOOK</Sts>
                <BookgDt>
                    <DtTm>2021-02-21T09:10:11.000+01:00</DtTm>
                </BookgDt>
                <ValDt>
                    <DtTm>2021-02-21T09:10:11.000+01:00</DtTm>
                </ValDt>
                <BkTxCd>
                    <Domn>
                        <Cd>PMNT</Cd>
                        <Fmly>
                            <Cd>RCDT</Cd>
                            <SubFmlyCd>VCOM</SubFmlyCd>
                        </Fmly>
                    </Domn>
                </BkTxCd>
                <NtryDtls>
                    <Btch>
                        <NbOfTxs>1</NbOfTxs>
                    </Btch>
                    <TxDtls>
                        <Refs>
                            <MsgId>3E3D3E9D64A3548A6C52BD7CE9415</MsgId>
                            <EndToEndId>57237F065509B36FB3B31DA771B6AFBBF94</EndToEndId>
                        </Refs>
                        <BkTxCd>
                            <Domn>
                                <Cd>PMNT</Cd>
                                <Fmly>
                                    <Cd>RCDT</Cd>
                                    <SubFmlyCd>AUTT</SubFmlyCd>
                                </Fmly>
                            </Domn>
                        </BkTxCd>
                        <RltdAgts>
                            <DbtrAgt>
                                <FinInstnId>
                                    <Nm>xrpl</Nm>
                                </FinInstnId>
                            </DbtrAgt>
                        </RltdAgts>
                        <RmtInf>
                            <Strd>
                                <CdtrRefInf>
                                    <Tp>
                                        <CdOrPrtry>
                                            <Prtry>QRR</Prtry>
                                        </CdOrPrtry>
                                    </Tp>
                                    <Ref>210000000003139471430009017</Ref>
                                </CdtrRefInf>
                            </Strd>
                        </RmtInf>
                    </TxDtls>
                </NtryDtls>
            </Ntry>
            <Ntry>
                <NtryRef>rsDoF5udkeSJQcKNqPgHvqEyVBEX4ttoi4</NtryRef>
                <Amt Ccy="XRP">391.00</Amt>
                <CdtDbtInd>CRDT</CdtDbtInd>
                <Sts>BOOK</Sts>
                <BookgDt>
                    <DtTm>2021-12-28T11:15:11.000+01:00</DtTm>
                </BookgDt>
                <ValDt>
                    <DtTm>2021-12-28T11:15:11.000+01:00</DtTm>
                </ValDt>
                <BkTxCd>
                    <Domn>
                        <Cd>PMNT</Cd>
                        <Fmly>
                            <Cd>RCDT</Cd>
                            <SubFmlyCd>VCOM</SubFmlyCd>
                        </Fmly>
                    </Domn>
                </BkTxCd>
                <NtryDtls>
                    <Btch>
                        <NbOfTxs>1</NbOfTxs>
                    </Btch>
                    <TxDtls>
                        <Refs>
                            <MsgId>23AB86192C87B89121F4877351DD9</MsgId>
                            <EndToEndId>4CA4105CBC1288D9C3FB5140C61097B2475</EndToEndId>
                        </Refs>
                        <BkTxCd>
                            <Domn>
                                <Cd>PMNT</Cd>
                                <Fmly>
                                    <Cd>RCDT</Cd>
                                    <SubFmlyCd>AUTT</SubFmlyCd>
                                </Fmly>
                            </Domn>
                        </BkTxCd>
                        <RltdAgts>
                            <DbtrAgt>
                                <FinInstnId>
                                    <Nm>xrpl</Nm>
                                </FinInstnId>
                            </DbtrAgt>
                        </RltdAgts>
                        <RmtInf>
                            <Strd>
                                <CdtrRefInf>
                                    <Tp>
                                        <CdOrPrtry>
                                            <Prtry>SCOR</Prtry>
                                        </CdOrPrtry>
                                    </Tp>
                                    <Ref>RF712348231</Ref>
                                </CdtrRefInf>
                            </Strd>
                        </RmtInf>
                    </TxDtls>
                </NtryDtls>
            </Ntry>
        </Ntfctn>
    </BkToCstmrDbtCdtNtfctn>
</Document>