<?xml version="1.0" encoding="UTF-8" standalone="yes"?>
<Document xmlns="urn:iso:std:iso:20022:tech:xsd:camt.054.001.04">
    <BkToCstmrDbtCdtNtfctn>
        <GrpHdr>
            <MsgId>MSGID-440fb60a-6752-465f-9369-55c2c470fe39</MsgId>
            <CreDtTm>2021-06-01T16:46:10.000Z</CreDtTm>
            <MsgRcpt>
                <Id>
                    <OrgId>
                        <Othr>
                            <Id>CryptoIso20022Interop</Id>
                            <SchmeNm>
                                <Cd>CUST</Cd>
                            </SchmeNm>
                        </Othr>
                    </OrgId>
                </Id>
            </MsgRcpt>
            <MsgPgntn>
                <PgNb>1</PgNb>
                <LastPgInd>true</LastPgInd>
            </MsgPgntn>
        </GrpHdr>
        <Ntfctn>
            <Id>STMID-3d0fa2c1-b1e7-4e7e-ad21-7d16132470df</Id>
            <ElctrncSeqNb>1</ElctrncSeqNb>
            <CreDtTm>2021-06-01T16:46:10.000Z</CreDtTm>
            <Acct>
                <Id>
                    <Othr>
                        <Id>rPEPPER7kfTD9w2To4CQk6UCfuHM9c6GDY</Id>
                    </Othr>
                </Id>
                <Ccy>XRP</Ccy>
            </Acct>
            <Ntry>
                <NtryRef>rsDoF5udkeSJQcKNqPgHvqEyVBEX4ttoi4</NtryRef>
                <Amt Ccy="XRP">391</Amt>
                <CdtDbtInd>CRDT</CdtDbtInd>
                <Sts>BOOK</Sts>
                <BookgDt>
                    <DtTm>2021-12-28T11:15:11.000Z</DtTm>
                </BookgDt>
                <ValDt>
                    <DtTm>2021-12-28T11:15:11.000Z</DtTm>
                </ValDt>
                <BkTxCd>
                    <Domn>
                        <Cd>PMNT</Cd>
                        <Fmly>
                            <Cd>RCDT</Cd>
                            <SubFmlyCd>VCOM</SubFmlyCd>
                        </Fmly>
                    </Domn>
                </BkTxCd>
                <NtryDtls>
                    <Btch>
                        <NbOfTxs>1</NbOfTxs>
                    </Btch>
                    <TxDtls>
                        <Refs>
                            <MsgId>23AB86192C87B89121F4877351DD9</MsgId>
                            <EndToEndId>4CA4105CBC1288D9C3FB5140C61097B2475</EndToEndId>
                        </Refs>
                        <Amt Ccy="XRP">391</Amt>
                        <CdtDbtInd>CRDT</CdtDbtInd>
                        <BkTxCd>
                            <Domn>
                                <Cd>PMNT</Cd>
                                <Fmly>
                                    <Cd>RCDT</Cd>
                                    <SubFmlyCd>VCOM</SubFmlyCd>
                                </Fmly>
                            </Domn>
                        </BkTxCd>
                        <RmtInf>
                            <Strd>
                                <CdtrRefInf>
                                    <Tp>
                                        <CdOrPrtry>
                                            <Prtry>SCOR</Prtry>
                                        </CdOrPrtry>
                                    </Tp>
                                    <Ref>RF040000000000</Ref>
                                </CdtrRefInf>
                            </Strd>
                        </RmtInf>
                    </TxDtls>
                </NtryDtls>
            </Ntry>
        </Ntfctn>
    </BkToCstmrDbtCdtNtfctn>
</Document>