<?xml version="1.0" encoding="UTF-8" standalone="yes"?><Document xmlns="urn:iso:std:iso:20022:tech:xsd:camt.054.001.04"><BkToCstmrDbtCdtNtfctn><GrpHdr><MsgId>MSGID-440fb60a-6752-465f-9369-55c2c470fe39</MsgId><CreDtTm>2021-06-01T16:46:10.000+02:00</CreDtTm><MsgRcpt><Id><OrgId><Othr><Id>CryptoIso20022Interop</Id><SchmeNm><Cd>CUST</Cd></SchmeNm></Othr></OrgId></Id></MsgRcpt><MsgPgntn><PgNb>1</PgNb><LastPgInd>true</LastPgInd></MsgPgntn></GrpHdr><Ntfctn><Id>STMID-3d0fa2c1-b1e7-4e7e-ad21-7d16132470df</Id><ElctrncSeqNb>1</ElctrncSeqNb><CreDtTm>2021-06-01T16:46:10.000+02:00</CreDtTm><Acct><Id><IBAN>rhEo7YkHrxMzqwPhCASpeNwL2HNMqfsb87</IBAN></Id><Ccy>XRP</Ccy></Acct><Ntry><NtryRef>rhEo7YkHrxMzqwPhCASpeNwL2HNMqfsb87</NtryRef><Amt Ccy="XRP">36.35</Amt><CdtDbtInd>CRDT</CdtDbtInd><Sts>BOOK</Sts><BookgDt><DtTm>2021-02-21T09:10:11.000+01:00</DtTm></BookgDt><ValDt><DtTm>2021-02-21T09:10:11.000+01:00</DtTm></ValDt><BkTxCd><Domn><Cd>PMNT</Cd><Fmly><Cd>RCDT</Cd><SubFmlyCd>VCOM</SubFmlyCd></Fmly></Domn></BkTxCd><NtryDtls><Btch><NbOfTxs>1</NbOfTxs></Btch><TxDtls><Refs/><Amt Ccy="XRP">36.35</Amt><CdtDbtInd>CRDT</CdtDbtInd><BkTxCd><Domn><Cd>PMNT</Cd><Fmly><Cd>RCDT</Cd><SubFmlyCd>VCOM</SubFmlyCd></Fmly></Domn></BkTxCd><RmtInf><Strd><RfrdDocInf><Tp><CdOrPrtry><Cd>CINV</Cd></CdOrPrtry></Tp><Nb>RG-00123.45</Nb></RfrdDocInf></Strd></RmtInf></TxDtls></NtryDtls></Ntry></Ntfctn><Ntfctn><Id>STMID-b403d698-6d3e-4614-ae43-14625b4619be</Id><ElctrncSeqNb>1</ElctrncSeqNb><CreDtTm>2021-06-01T16:46:10.000+02:00</CreDtTm><Acct><Id><IBAN>rsDoF5udkeSJQcKNqPgHvqEyVBEX4ttoi4</IBAN></Id><Ccy>XRP</Ccy></Acct><Ntry><NtryRef>rsDoF5udkeSJQcKNqPgHvqEyVBEX4ttoi4</NtryRef><Amt Ccy="XRP">50</Amt><CdtDbtInd>CRDT</CdtDbtInd><Sts>BOOK</Sts><BookgDt><DtTm>2021-02-21T09:10:11.000+01:00</DtTm></BookgDt><ValDt><DtTm>2021-02-21T09:10:11.000+01:00</DtTm></ValDt><BkTxCd><Domn><Cd>PMNT</Cd><Fmly><Cd>RCDT</Cd><SubFmlyCd>VCOM</SubFmlyCd></Fmly></Domn></BkTxCd><NtryDtls><Btch><NbOfTxs>1</NbOfTxs></Btch><TxDtls><Refs/><Amt Ccy="XRP">50</Amt><CdtDbtInd>CRDT</CdtDbtInd><BkTxCd><Domn><Cd>PMNT</Cd><Fmly><Cd>RCDT</Cd><SubFmlyCd>VCOM</SubFmlyCd></Fmly></Domn></BkTxCd><RmtInf><Strd><CdtrRefInf><Tp><CdOrPrtry><Prtry>QRR</Prtry></CdOrPrtry></Tp><Ref>210000000003139471430009017</Ref></CdtrRefInf></Strd></RmtInf></TxDtls></NtryDtls></Ntry></Ntfctn></BkToCstmrDbtCdtNtfctn></Document>