<?xml version="1.0" encoding="UTF-8" standalone="yes"?><Document xmlns="urn:iso:std:iso:20022:tech:xsd:camt.054.001.04"><BkToCstmrDbtCdtNtfctn><GrpHdr><MsgId>MSG223e0b2b58914341a61a87e6c1911bea</MsgId><CreDtTm>2021-06-04T09:12:24.398+02:00</CreDtTm><MsgRcpt><Id><OrgId><Othr><Id>CryptoIso20022Interop</Id><SchmeNm><Cd>CUST</Cd></SchmeNm></Othr></OrgId></Id></MsgRcpt><MsgPgntn><PgNb>1</PgNb><LastPgInd>true</LastPgInd></MsgPgntn></GrpHdr><Ntfctn><Id>STM1a34081245b44280ac730bd084ac7ef2</Id><ElctrncSeqNb>1</ElctrncSeqNb><CreDtTm>2021-06-04T09:12:24.398+02:00</CreDtTm><Acct><Id><IBAN>CH4900774105455069371</IBAN></Id><Ccy>CHF</Ccy></Acct><Ntry><NtryRef>CH4900774105455069371</NtryRef><Amt Ccy="CHF">1.15</Amt><CdtDbtInd>CRDT</CdtDbtInd><Sts>BOOK</Sts><BookgDt><DtTm>2021-06-04T07:02:20.000+02:00</DtTm></BookgDt><ValDt><DtTm>2021-06-04T07:02:20.000+02:00</DtTm></ValDt><BkTxCd><Domn><Cd>PMNT</Cd><Fmly><Cd>RCDT</Cd><SubFmlyCd>VCOM</SubFmlyCd></Fmly></Domn></BkTxCd><NtryDtls><Btch><NbOfTxs>1</NbOfTxs></Btch><TxDtls><Refs/><Amt Ccy="CHF">1.15</Amt><CdtDbtInd>CRDT</CdtDbtInd><BkTxCd><Domn><Cd>PMNT</Cd><Fmly><Cd>RCDT</Cd><SubFmlyCd>VCOM</SubFmlyCd></Fmly></Domn></BkTxCd><RmtInf><Strd><CdtrRefInf><Tp><CdOrPrtry><Prtry>QRR</Prtry></CdOrPrtry></Tp><Ref>210000000003139471430009017</Ref></CdtrRefInf></Strd></RmtInf></TxDtls></NtryDtls></Ntry></Ntfctn></BkToCstmrDbtCdtNtfctn></Document>